<?xml version="1.0" encoding="utf-8"?>
<record xmlns="http://www.loc.gov/MARC21/slim" xmlns:xsi="http://www.w3.org/2001/XMLSchema-instance" xsi:schemaLocation="http://www.loc.gov/MARC21/slim http://www.loc.gov/standards/marcxml/schema/MARC21slim.xsd">
	<leader>01793nam a2200325   4500</leader>
	<controlfield tag="001">3369608</controlfield>
	<controlfield tag="003">NNC</controlfield>
	<controlfield tag="006">m        d        </controlfield>
	<controlfield tag="007">cr cn |||m|||a</controlfield>
	<controlfield tag="008">160301m19361938ua      o     000 0 ara d</controlfield>
	<datafield ind1=" " ind2=" " tag="040">
		<subfield code="a">NNU</subfield>
		<subfield code="b">eng</subfield>
		<subfield code="e">rda</subfield>
		<subfield code="c">NNU</subfield>
	</datafield>
	<datafield ind1=" " ind2="4" tag="050">
		<subfield code="a">PJ7521</subfield>
		<subfield code="b">.Y25 1936</subfield>
	</datafield>
	<datafield ind1="0" ind2=" " tag="100">
		<subfield code="a">Yāqūt ibn ʻAbd Allāh al-Ḥamawī,</subfield>
		<subfield code="d">1179?-1229.</subfield>
	</datafield>
	<datafield ind1="1" ind2="0" tag="245">
		<subfield code="a">Muʻ jam al-udabāʼ</subfield>
		<subfield code="b">[Dictionary of learned men, ed. by Ahmad Farīd Rifāʻī].</subfield>
	</datafield>
	<datafield ind1=" " ind2=" " tag="260">
		<subfield code="a">Cairo,</subfield>
		<subfield code="b">Maktabat ʻIṣa al-bābī al-Ḥalabī,</subfield>
		<subfield code="c">[1936-38]</subfield>
	</datafield>
	<datafield ind1=" " ind2=" " tag="300">
		<subfield code="a">online resource (20 volumes in 10.)</subfield>
	</datafield>
	<datafield ind1=" " ind2=" " tag="336">
		<subfield code="a">text</subfield>
		<subfield code="2">rdacontent</subfield>
	</datafield>
	<datafield ind1=" " ind2=" " tag="337">
		<subfield code="a">computer</subfield>
		<subfield code="2">rdamedia</subfield>
	</datafield>
	<datafield ind1=" " ind2=" " tag="338">
		<subfield code="a">online resource</subfield>
		<subfield code="2">rdacarrier</subfield>
	</datafield>
	<datafield ind1=" " ind2=" " tag="500">
		<subfield code="a">Imprint varies.</subfield>
	</datafield>
	<datafield ind1=" " ind2=" " tag="500">
		<subfield code="a">Arabic.</subfield>
	</datafield>
	<datafield ind1=" " ind2=" " tag="500">
		<subfield code="a">Part of the Arabic Collections Online (ACO) project, contributed by Columbia University Libraries.</subfield>
	</datafield>
	<datafield ind1=" " ind2=" " tag="533">
		<subfield code="a">Electronic reproduction.</subfield>
		<subfield code="b">New York, N.Y. :</subfield>
		<subfield code="c">New York University,</subfield>
		<subfield code="d">2016.</subfield>
		<subfield code="5">NNU</subfield>
	</datafield>
	<datafield ind1="2" ind2=" " tag="710">
		<subfield code="a">Columbia University.</subfield>
		<subfield code="b">Libraries.</subfield>
	</datafield>
	<datafield ind1="0" ind2=" " tag="730">
		<subfield code="a">Arabic Collections Online.</subfield>
	</datafield>
	<datafield ind1="0" ind2="8" tag="776">
		<subfield code="i">Online version:</subfield>
		<subfield code="a">Yāqūt ibn ʻAbd Allāh al-Ḥamawī, 1179?-1229.</subfield>
		<subfield code="t">Muʻ jam al-udabāʼ.</subfield>
		<subfield code="d">Cairo, Maktabat ʻIṣa al-bābī al-Ḥalabī, [1936-38]</subfield>
		<subfield code="w">(OCoLC)582829861</subfield>
	</datafield>
	<datafield ind1="0" ind2="8" tag="776">
		<subfield code="i">Print version:</subfield>
		<subfield code="a">Yāqūt ibn ʻAbd Allāh al-Ḥamawī, 1179?-1229.</subfield>
		<subfield code="t">Muʻ jam al-udabāʼ</subfield>
		<subfield code="w">(NNC)3369608</subfield>
		<subfield code="w">(OCoLC)23497469</subfield>
	</datafield>
	<datafield ind1="4" ind2="0" tag="856">
		<subfield code="u">http://hdl.handle.net/2333.1/7sqv9wd8</subfield>
	</datafield>
	<datafield ind1=" " ind2=" " tag="959">
		<subfield code="a">NNU</subfield>
		<subfield code="b">WEB</subfield>
		<subfield code="c">GENI</subfield>
		<subfield code="t">0</subfield>
		<subfield code="m">Electronic access</subfield>
		<subfield code="s">01</subfield>
	</datafield>
	<datafield ind1=" " ind2=" " tag="999">
		<subfield code="i">NNC_3369608</subfield>
		<subfield code="o">(OCoLC)ocm23497469 </subfield>
		<subfield code="s">columbia_aco001756:v.1-2</subfield>
		<subfield code="s">columbia_aco001757:v.3-4</subfield>
		<subfield code="s">columbia_aco001758:v.5-6</subfield>
		<subfield code="s">columbia_aco001759:v.7-8</subfield>
		<subfield code="s">columbia_aco001760:v.9-10</subfield>
		<subfield code="s">columbia_aco001761:v.11-12</subfield>
		<subfield code="s">columbia_aco001762:v.13-14</subfield>
		<subfield code="s">columbia_aco001763:v.15-16</subfield>
		<subfield code="s">columbia_aco001764:v.17-18</subfield>
		<subfield code="s">columbia_aco001765:v.19-20</subfield>
		<subfield code="e">(ERROR-880)</subfield>
	</datafield>
</record>
